@misc{oulad,
    title = {Open University Learning Analytics dataset},
    author = {Kuzilek, J. and Hlosta, M. and Herrmannova, D. and Zdrahal, Z. and Wolff, A.},
    howpublished = {\url{http://www.laceproject.eu/publications/analysing-at-risk-students-at-open-university.pdf}},
    issn = {2057-7494},
    year = {2015},
    month = {March}
}

@misc{github,
    title = {CS 773 Github Repository},
    author = {Atkins, G.},
    howpublished = {\url{https://github.com/grantat/cs773-CourseProject}},
    year = {2017},
    month = {August}
}